<record><leader>00000cas a22000007a 4500</leader><controlfield tag="001">47179576</controlfield><controlfield tag="008">010622c200u9999iauwr n       0   a0eng c</controlfield><datafield ind1=" " ind2=" " tag="010"><subfield code="a">  2001211683</subfield></datafield><datafield ind1=" " ind2=" " tag="040"><subfield code="a">NSD</subfield><subfield code="b">eng</subfield><subfield code="c">NSD</subfield><subfield code="d">OCLCQ</subfield></datafield><datafield ind1=" " ind2=" " tag="012"><subfield code="m">1</subfield></datafield><datafield ind1="1" ind2=" " tag="022"><subfield code="a">1535-5225</subfield><subfield code="l">1535-5225</subfield><subfield code="2">1</subfield></datafield><datafield ind1=" " ind2=" " tag="032"><subfield code="a">675240</subfield><subfield code="b">USPS</subfield></datafield><datafield ind1=" " ind2=" " tag="042"><subfield code="a">nsdp</subfield><subfield code="a">pcc</subfield></datafield><datafield ind1=" " ind2="0" tag="222"><subfield code="a">Polk County press citizen</subfield></datafield><datafield ind1="0" ind2="0" tag="245"><subfield code="a">Polk County press citizen.</subfield></datafield><datafield ind1=" " ind2=" " tag="260"><subfield code="a">West Des Moines, IA :</subfield><subfield code="b">Polk County Press citizen</subfield></datafield><datafield ind1=" " ind2=" " tag="300"><subfield code="a">v.</subfield></datafield><datafield ind1=" " ind2=" " tag="310"><subfield code="a">Weekly</subfield></datafield><datafield ind1=" " ind2=" " tag="588"><subfield code="a">Description based on: Apr. 27, 2001.</subfield></datafield><datafield ind1=" " ind2=" " tag="752"><subfield code="a">United States</subfield><subfield code="b">Iowa</subfield><subfield code="c">Polk</subfield><subfield code="d">West Des Moines.</subfield></datafield><datafield ind1="0" ind2="0" tag="780"><subfield code="t">Western express press citizen</subfield><subfield code="x">1529-5087</subfield><subfield code="w">(DLC)   00211794</subfield></datafield><datafield ind1="1" ind2=" " tag="029"><subfield code="a">AU@</subfield><subfield code="b">000022781481</subfield></datafield></record>